<?xml version="1.0" encoding="UTF-8"?><collection xmlns="http://www.loc.gov/MARC21/slim"><record><leader>00375nam--2200133-i-4500</leader><controlfield tag="001">000014346</controlfield><controlfield tag="002">20161230</controlfield><controlfield tag="005">20161230201030</controlfield><controlfield tag="008">060222s1000------------r-----000-0-eng-d</controlfield><datafield ind1=" " ind2=" " tag="080"><subfield code="a">681.785(043)</subfield></datafield><datafield ind1=" " ind2=" " tag="100"><subfield code="a">Bruneau, Didier</subfield></datafield><datafield ind1=" " ind2=" " tag="245"><subfield code="a">Etude et realisation d un optometre objectif automatise.these</subfield></datafield><datafield ind1=" " ind2=" " tag="260"><subfield code="a">Orsay, Universite De Paris-sud, 1981. 70 P.+ Fig</subfield></datafield><datafield ind1=" " ind2=" " tag="852"><subfield code="a">70593</subfield></datafield></record></collection>